@book{Kolmogorov,
  author = {Колмогоров А.Н.},
  title = {Основные понятия теории вероятностей},
  year = {1974},
  publisher = {Наука},
  url       = {https://www.klex.ru/q8k}
}

@book{KolmogorovZhurbenkoProhorov,
  author = {Колмогоров А.Н. and Журбенко И.Г. and Прохоров А.В.},
  title = {Введение в теорию вероятностей},
  year = {2024},
  publisher = {Библиотечка ''Квант'', выпуск 141}
}

@book{Bulinsky,
  author = {Булинский А.В.},
  title = {Лекции по теории вероятностей на мехмате МГУ},
  year = {2018}
}

@book{ZubkovSevostyanovChistyakov1989,
  author = {Зубков and Севастьянов and Чистяков},
  title = {Сборник задач по теории вероятностей},
  year = {1989},
  publisher = {Издательство ''Наука''},
  url       = {https://pdf.lib.vntu.edu.ua/books/2015/Zybko_1989_320.pdf}
}

@book{Shklyaev2024,
  author = {Шкляев А.В.},
  title = {Материалы к семинарам по теории вероятностей на мехмате МГУ},
  year = {2024},
  publisher = {}
}

@book{BernulliRu1986,
  author = {Бернулли Я.},
  title = {О законе больших чисел},
  year = {1986},
  publisher = {''Наука''},
  url       = {https://www.klex.ru/29dd}
}

@book{DyachenkoLecturesVorotnikov2018,
  author = {Дьяченко М.И.},
  title = {Лекции по действительному анализу на мехмате МГУ},
  year = {2018},
  publisher = {}
}

@book{Viro,
  author = {Виро О.Я. and Иванов О.А. and Нецветаев Н.Ю. and Харламов В.М.},
  title = {Элементарная топология},
  year = {},
  publisher = {МЦНМО},
  url       = {http://www.pdmi.ras.ru/~olegviro/topoman/rus-book.pdf}
}

@book{PodolskyMatan2016,
  author = {Подольский В.Е.},
  title = {Лекции по математическому анализу на мехмате МГУ},
  year = {2016},
  publisher = {},
  url       = {}
}

@book{VereschaginShenSetTheory,
  author = {Н.К.Верещагин and А.Шень},
  title = {Начала теории множеств},
  year = {2012},
  publisher = {МЦНМО},
  url       = {https://old.mccme.ru//free-books//shen/shen-logic-part1-2.pdf}
}

@book{VereschaginShenLogic,
  author = {Н.К.Верещагин and А.Шень},
  title = {Языки и исчисления},
  year = {2012},
  publisher = {МЦНМО},
  url       = {https://old.mccme.ru//free-books//shen/shen-logic-part2-2.pdf}
}

@book{KuratovskijMostovskij1970,
  author = {Куратовский К. and Мостовский А.},
  title = {Теория множеств},
  year = {1970},
  publisher = {Мир},
  url       = {https://ikfia.ysn.ru/wp-content/uploads/2018/01/KuratovskijMostovskij1970ru.pdf}
}

@book{KnuthArtOfProgrammingV2_1997,
  author = {Knuth D.},
  title = {The Art of Computer Programming, Volume 2, Seminumerical Algorithms, 3rd edition},
  year = {1997},
  publisher = {},
  url       = {}
}

@book{LevinStoTakoeKombinatorika,
  author = {Левин А.},
  title = {Что такое комбинаторика},
  year = {1995},
  publisher = {МЦНМО},
  url       = {https://kvant.mccme.ru/pdf/1999/05/kv0599levin.pdf},
  keywords  = {combinatorics}
}

@online{happytickets1,
  author    = {Журнал Квант},
  title     = {Интегралом - по счастливым билетам},
  year      = {1978},
  url       = {https://kvant.mccme.ru/1978/11/integralom_-_po_schastlivym_bi.htm},
  urldate   = {2025-06-18},
  note      = {},
  keywords  = {combinatorics}
}

@online{TalkInTram,
  author    = {Савин А. and Финк Л.},
  title     = {Разговор в трамвае},
  year      = {1975},
  url       = {https://kvant.mccme.ru/1975/07/razgovor_v_tramvae.htm},
  urldate   = {2025-06-18},
  note      = {},
  keywords  = {combinatorics}
}

@online{OneMoreTimeAboutHappyTickets,
  author    = {Финк Л.},
  title     = {Еще раз о счастливых билетах},
  year      = {1976},
  url       = {https://kvant.mccme.ru/1976/12/eshche_raz_o_schastlivyh_bilet.htm},
  urldate   = {2025-06-18},
  note      = {},
  keywords  = {combinatorics}
}

@book{happytickets3,
  author    = {Ландо С. К.},
  title     = {Счастливые билеты},
  year = {1998},
  publisher = {Матем. просв., выпуск 2, 127–132},
  url       = {https://www.mathnet.ru/links/dc27b0ef2b87d4a693fa509dd7bf4693/mp27.pdf},
  keywords  = {combinatorics}
}

@online{PoissonDistrKvant,
  author    = {Чукова Ю.},
  title     = {Распределение Пуассона},
  year      = {1988},
  url       = {https://kvant.mccme.ru/1988/08/raspredelenie_puassona.htm},
  urldate   = {2025-09-03},
  note      = {},
  keywords  = {distibution}
}