@book{ShklyaevTeorVer2024,
  author = {Шкляев А.В.},
  title = {Материалы к семинарам по теории вероятностей на мехмате МГУ},
  year = {2024},
  publisher = {}
}

@book{ShklyaevMatStat2024,
  author = {Шкляев А.В.},
  title = {Материалы к семинарам по математической статистике на мехмате МГУ},
  year = {2024},
  publisher = {}
}